@article{Villela2019analysis,
  title =	 {Towards the Thousandth CubeSat: A Statistical Overview},
  author =	 {Thyrso Villela and Cesar A. Costa and Alessandra M. Brand√£o and Fernando T. Bueno and Rodrigo Leonardi},
  journal =	 {International Journal of Aerospace Engineering},
  volume =	 2019,
  number =	 5063145,
  pages =	 {13},
  year =	 2019,
  publisher =	 {Hindawi}
}

@article{Tiancai2019analysis,
  title =	 {Overview of advancement and development trend on magnesium alloy},
  author =	 {Xu Tiancai and Yang Yan and Peng Xiaodong and Song Jiangfeng and Pan Fusheng},
  journal =	 {Journal of Magnesium and Alloys},
  volume =	 7,
  number =	 3,
  pages =	 {536--544},
  year =	 2019,
  publisher =	 {KeAi}
}

@article{Kim2019analysis,
  title =	 {Design Characteristics of Studies Reporting the Performance of Artificial Intelligence Algorithms for Diagnostic Analysis of Medical Images: Results from Recently Published Papers},
  author =	 {Dong Wook Kim and Hye Young Jang and Kyung Won Kim and Youngbin Shin and Seong Ho Park},
  journal =	 {Korean Journal of Radiology},
  volume =	 20,
  number =	 3,
  pages =	 {405--410},
  year =	 2019,
  publisher =	 {The Korean Society of Radiology}
}
